@misc{hmlasso2019,
	title = {HMLasso: Lasso with High Missing Rate}, 
	author = {Masaaki Takada and Hironori Fujisawa and Takeichiro Nishikawa},
	year = {2019},
	eprint = {1811.00255},
	archivePrefix = {arXiv},
	primaryClass = {stat.ML}
}
@misc{hrs2014,
	title = {RAND HRS Longitudinal File 2018 (V2)},
	key = {RAND Center for the Study of Aging},
	year = {2018},
	institution = {National Institute on Aging and the Health and Retirement Study},
	howpublished = {\url{https://hrsdata.isr.umich.edu/data-products/rand}}
}
@misc{genetic2021,
	title = {HRS Polygenic Scores (Release 4.3)},
	key = {2006-2012 Genetic Data},
	year = {2021},
	institution = {University of Michigan},
	howpublished = {\url{https://hrsdata.isr.umich.edu/data-products/polygenic-score-data-pgs}}
}
@misc{challenge2017,
	author = {Matthew Salganik and Ian Lundberg and Alex Kindel and Sara McLanahan},
	title = {Fragile Families Challenge},
	institution = {Princeton University},
	year = {2017},
	url = {\url{https://www.fragilefamilieschallenge.org}}
}
@inproceedings{xgboost2016,
	doi = {10.1145/2939672.2939785},
	url = {https://doi.org/10.1145%2F2939672.2939785},
	year = {2016},
	month = {aug},
	publisher = {{ACM}},
	author = {Tianqi Chen and Carlos Guestrin},
	title = {{XGBoost}},
	booktitle = {Proceedings of the 22nd {ACM} {SIGKDD} International Conference on Knowledge Discovery and Data Mining}
}
@inproceedings{randomForest2012,
	title = {New Machine Learning Algorithm: Random Forest},
	author = {Yanli Liu and Yourong Wang and Jian Zhang},
	booktitle = {International Conference on Information Computing and Applications},
	year = {2012}
}
@misc{chi2test,
	title = {Calculer un $\chi ^2$ sur un tableau de contingence},
	author = {Xavier Dupr√©},
	howpublished = {\url{http://www.xavierdupre.fr/app/ensae_teaching_cs/helpsphinx/notebooks/tableau_contingence.html}}
}
@article{tSNE2008,
	added-at = {2015-06-19T12:07:15.000+0200},
	author = {van der Maaten, Laurens and Hinton, Geoffrey},
	biburl = {https://www.bibsonomy.org/bibtex/28b9aebb404ad4a4c6a436ea413550b30/lopusz_kdd},
	interhash = {370ba8b9e1909b61880a6f47c93bcd49},
	intrahash = {8b9aebb404ad4a4c6a436ea413550b30},
	journal = {Journal of Machine Learning Research},
	keywords = {dimensionality_reduction tSNE visualization},
	pages = {2579--2605},
	timestamp = {2015-08-19T15:19:11.000+0200},
	title = {Visualizing Data using {t-SNE} },
	url = {http://www.jmlr.org/papers/v9/vandermaaten08a.html},
	volume = 9,
	year = 2008
}
@article{pca1901,
	title={LIII. On lines and planes of closest fit to systems of points in space},
	author={Karl Pearson F.R.S.},
	journal={Philosophical Magazine Series 1},
	year={1901},
	volume={2},
	pages={559-572}
}
@article{amelia2011,
	title = {{Amelia II}: A Program for Missing Data},
	author = {James Honaker and Gary King and Matthew Blackwell},
	journal = {Journal of Statistical Software},
	year = {2011},
	volume = {45},
	number = {7},
	pages = {1--47},
	doi = {10.18637/jss.v045.i07}
}